@misc{github,
  title   = {V3lop5 - Overview},
  url     = {https://github.com/V3lop5},
  journal = {GitHub}
}

@misc{minted,
  title   = {minted â€“ Highlighted source code for LaTeX},
  url     = {https://ctan.org/pkg/minted?lang=de},
  journal = {CTAN Atom}
}